2730 4590
574 230 621 247 «-
647 194 718 266 ato
742 230 789 251 -

102 325 172 449 pit
187 341 314 429 orate
333 354 418 449 pro
439 322 656 465 invicem?
675 341 729 416 ut
752 324 1006 438 sanemini;
1036 327 1150 457 quia
1176 331 1257 455 spi·¹

104 521 245 635 ritum
263 492 432 644 gratiae
460 549 709 647 magnum,
734 517 992 634 excelsum,
1016 539 1063 614 et
1093 523 1142 612 in
1166 521 1255 616 Do·

103 706 308 806 ctoribus
338 710 652 838 probatum,
638 699 1256 841 1nAp0staliselectu1'n,in

102 904 516 1033 triumphatdribus
543 907 839 1023 laudabilem,
860 925 1000 1038 atque
1012 909 1153 1005 illum
1174 913 1255 1040 spi·

103 1103 246 1208 ritum
269 1103 475 1223 justitiae
502 1103 790 1239 accepimus
793 1132 821 1193 a
847 1103 1054 1201 Domino
1075 1124 1254 1220 nostro3

102 1330 343 1428 perquem
380 1294 696 1463 discernimus,
720 1331 838 1427 quae
856 1300 926 1397 sit
944 1295 1089 1467 bona,
1122 1301 1257 1461 perse

103 1517 194 1612 ate,
227 1517 275 1592 et
296 1516 480 1624 accepta
502 1497 591 1591 Dei
612 1496 842 1594 voluntas

157 1694 225 1787 Et
256 1725 372 1807 nos,
408 1688 894 1810 Paternacumenie'e,
928 1729 954 1787 a
985 1710 1067 1791 tna
1099 1699 1256 1795 sancti·

102 1917 196 1994 tate
222 1917 395 2028 tuaque
426 1897 613 1992 sublimi
628 1868 653 2012 ‚¹
674 1932 742 1991 ac·
757 1896 955 2025 gloriosa-
984 1899 1093 1995 sede
1124 1900 1255 1996 bene·

102 2100 192 2192 dici
210 2099 421 2194 ardenter
452 2130 656 2214 avemus,
680 2112 731 2192 ac
764 2098 1103 2223 desideramus,
1125 2123 1176 2198 et
1192 2105 1256 2201 lia

102 2324 225 2402 terae
243 2303 539 2433 explicativae
572 2302 631 2396 ab
655 2304 815 2396 eadem
846 2322 995 2436 vestra
1021 2309 1256 2404 sanctitate

95 2484 404 2628 imbecillitati
430 2520 629 2621 nostrae
668 2487 994 2633 concedantur.
1040 2511 1115 2606 Ex
1165 2532 1256 2610 toto

90 2706 258 2808 nostro
291 2696 445 2847 cdrde,
479 2747 535 2806 ex
558 2731 657 2808 tota
688 2674 844 2806 anima
872 2704 1063 2829 nostra,
1099 2749 1154 2808 ac
1176 2704 1257 2844 spi-

100 2908 193 3004 ritu
224 2908 493 3035 gaudemus,
515 2929 662 3039 atque.
675 2873 926 3025 laetamur,
951 2908 1075 3003 dum
1093 2942 1257 3038 cogna

99 3117 273 3230 vimus,
303 3118 576 3209 memoriam
603 3121 816 3211 'nostram
845 3115 895 3207 in
925 3111 1111 3219 bonum
1141 3115 1257 3255 apud

100 3321 390 3460 sanctitatem
416 3339 614 3414 vestram
646 3319 775 3461 omni
806 3334 1034 3479 tempore
1045 3352 1258 3445 praeseu-

85 3543 196 3618 tem
222 3559 332 3618 esse.
366 3526 468 3618 Hoc
500 3544 657 3632 tamen
689 3524 938 3654 requiritur
968 3557 995 3615 a
1025 3520 1150 3636 Deo,
1171 3541 1257 3617 eta

21 3853 23 3857 ‚
99 3724 261 3822 Vestra
292 3681 596 3843 Pateinitate,
629 3747 683 3822 ut
714 3705 892 3821 nullam
919 3678 1096 3819 faciatis
1129 3679 1257 3819 nobis

100 3930 578 4058 reprehensionem
560 3964 657 4052 Jam
688 3929 778 4025 hoc
809 3924 1056 4029 sanctitate
1086 3948 1255 4026 vestrae

97 4138 394 4233 manifestum
430 4156 533 4250 est,
565 4135 700 4264 quod·
736 4138 1019 4266 quicumque
1059 4150 1135 4253 est
1176 4131 1254 4230 sub
