2730 4590
578 247 627 264 ···
657 209 723 282 ¹45
748 250 798 267 -
994 208 1001 225 ⁸

160 336 503 438 Chaldaeorum
525 336 661 435 Natio
681 343 795 441 olim
819 347 1059 472 sapientia,
1081 348 1265 478 opibus,

96 489 297 615 imperio
316 489 441 582 ..adeo
475 490 665 584 celebris
691 492 790 618 (l),
805 492 1140 590 hodie-misera
1176 534 1267 594 ser·

100 641 249 737 vitute
277 640 561 770 ubicumque
578 676 810 770 oppressa,
844 644 1031 739 diversis
1060 639 1269 742 Turcha-

99 824 204 882 rum
237 793 372 884 sertis
392 792 705 884 miserandum
734 794 784 884 in
813 795 1007 889 modum
1039 797 1243 895 subiacet
1252 833 1266 914 ;

96 941 262 1059 eadem
288 975 435 1069 usque
468 941 525 1032 ad
557 941 724 1036 saeculi
738 1002 742 1012 ·
757 947 911 1074 quinti
936 945 1265 1065 medietatem,

99 1089 182 1184 vel*
198 1091 258 1181 ad
275 1091 455 1184 ..saeculi
480 1095 596 1187 sexti
626 1095 876 1220 primordia
894 1128 1024 1188 verae
1043 1095 1151 1191 fidei
1173 1101 1268 1192 Ro-

99 1275 263 1333 manae
279 1241 509 1334 Ecclesiae
529 1251 775 1364 ronjuncta
792 1263 905 1360 erat3
929 1264 977 1340 et
992 1247 1072 1342 tali
1095 1250 1268 1342 unione

92 1393 342 1518 'tantopere
376 1392 721 1509 delectabatur,
754 1413 808 1490 ut
841 1396 1047 1515 ejusdem
1073 1397 1268 1494 Patriar-

98 1540 228 1635 chae·
248 1546 427 1664 rejectis
450 1536 825 1674 quibuscumque
847 1545 946 1638 aliis
972 1546 1267 1660 excellentiae

100 1692 266 1807 titulis,
284 1713 331 1788 et
359 1712 589 1823 quatenus
613 1688 672 1785 ad
697 1691 982 1848 Catholicam
1013 1695 1267 1789 Ecclesiam

99 1854 409 2006 pertinentes,
432 1841 697 1975 Catholicos
733 1857 1024 2019 l-Q‘lpksi
1062 1901 1267 1977 tautum·

85 2049 240 2158 modo
274 2067 445 2193 seipsos
468 2066 686 2194 appellari
720 2067 969 2162 voluissent
1004 2064 1085 2192 (ᾖ).
1105 2070 1168 2192 At
1189 2069 1263 2159 in·

98 2216 242 2330 felix,
272 2219 410 2309 scisso
456 2216 535 2310 illo
573 2218 729 2310 divino
770 2217 879 2310 fidei
917 2219 1136 2330 vinculO,
1172 2221 1261 2311 im·

98 2368 164 2494 pii
185 2365 385 2462 Nestorii
414 2365 639 2461 haeresim
669 2366 880 2495 amplexa
905 2367 1000 2465 est!
1033 2366 1119 2460 hac
1139 2370 1263 2462 enirn

99 2518 156 2610 de
194 2551 329 2610 causa
374 2519 514 2612 etiam
555 2518 936 2612 Nestorianorum
976 2517 1264 2612 Patriarchae

99 2702 248 2798 usque
280 2701 437 2782 nunc,
467 2662 561 2762 sed·
586 2671 847 2781 immerito,
880 2667 969 2762 hoc
992 2669 1128 2763 titulo
1161 2670 1263 2796 glo·

100 2822 292 2933 riantur.
318 2819 449 2932 Inde,
473 2819 543 2913 uti
564 2819 729 2913 accidit
754 2818 971 2916 omnibus
993 2821 1262 2934 Haereticis,

99 2973 148 3061 in
170 2968 271 3061 aliis
306 2969 440 3062 sectis
473 2969 637 3082 divisi,
678 2988 774 3063 tam
810 2968 1262 3083 Monothelitarum,

100 3152 244 3248 quam
265 3117 700 3248 Monophysitarum
718 3152 889 3212 errores
915 3119 1113 3244 amplexi
1136 3135 1260 3211 sunt.

182 3270 278 3362 Nos
297 3302 405 3362 vero
437 3267 775 3367 Chaldaeorum
796 3267 1161 3363 Patriarcharum
1177 3265 1265 3363 Ca-

102 3419 340 3548 talogum,
370 3423 465 3514 sive
497 3422 661 3515 'seriem
692 3421 889 3534 edituri,
922 3419 1132 3549 quamvis
1167 3451 1265 3508 ma·

181 3737 245 3864 (l)
277 3741 341 3833 P.
370 3662 577 3833 Strozza.
730 3733 734 3745 '

183 3893 247 4021 (ἢ)
279 3895 387 3990 Alii
417 3892 596 4003 dr‘cunt,
619 3891 743 4025 quod
757 3891 832 3983 liic
859 3888 1022 3982 titulus
1040 3887 1137 3980 illis
1159 3919 1266 3979 con-

103 4045 334 4163 ferebatur
348 4080 381 4138 a
396 4043 681 4142 Patriarclta
696 4039 988 4136 Antiocheno
997 4042 1162 4165 primis
1175 4039 1267 4133 Ec·

95 4196 274 4296 clesma
292 4194 519 4310 saeculo,
553 4199 631 4292 cru·
663 4188 1096 4393 subjiciebantur&
